@article{L2010cloudcomputing,
	title={The case for cloud computing in genome informatics.},
	author={L. D. Stein and others},
	journal={Genome Biology},
	volume={11},
	number={2},
	pages={207},
	year={2010}
}
@inproceedings{Berriman2010application,
	author = {G. B. Berriman and G. Juve and E. Deelman and M. Regelson and P. Plavchan.},
	title = {The application of cloud computing to astronomy: A study of cost and performance.},
	booktitle = {In Sixth IEEE International Conference on e-Science},
	year={2010}
}
@BOOK{greedy,
	AUTHOR = {Cormen and  Leiserson and Rivest and Stein},
	TITLE = {Introduction to Algorithms},
	PUBLISHER = {MIT Press},
	ADDRESS = {Cambridge, MA},
	YEAR = {2001}
}

@article{PSO2011,
	title={Orthogonal Learning Particle Swarm Optimization},
	author={Zhan ZH and Zhang J and LiY, Shi YH},
	journal={IEEE Transactions on Evolutionary Computation},
	volume={15},
	number={6},
	pages={832–847},
	year={2011},
	publisher={IEEE}
}

@inproceedings{TT2007Largelanguage,
	title={Large language models in machine translation},
	author={TT. Brants and A. C. Popat and P. Xu and F. J. Och and J. Dean},
	booktitle={EMNLP-CoNLL 2007IEEE},
	pages={858–867},
	year={2007},
	organization={IEEE}
}

@inproceedings{dean2012Large,
	title={Large scale distributed deep networks},
	author={J. Dean and G. Corrado and R. Monga and K. Chen and M. Devin and Q. Le and M. Mao and A. Senior and P. Tucker and K. Yang},
	booktitle={In Advances in Neural Information Processing Systems },
	pages={1232–1240},
	year={2012},
	organization={IEEE}
}
@article{bird2011,
	title={Computing for the large hadron collider.},
	author={I. Bird},
	journal={Annual Review of Nuclear and Particle Science},
	volume={61},
	pages={99-118},
	year={2011}
}

@misc{commoncrawlurl,
	title		= {Common crawl},
	URL= {\url{http://commoncrawl.org.}}
}

@misc{Machinelearningurl,
	title	= {Machine learning, microsoft azure.},
	URL= {\url{http://azure.microsoft.com/en-us/services/machine-learning/.}}
}

@misc{bigdataurl,
	title	= {Big data platform, hp haven.},
	URL= {\url{http://www8.hp.com/us/en/software-solutions/big-data-platform-haven/.}}
}

@misc{apachehadoop,
	title	= {Apache Hadoop.},
	URL= {\url{http://hadoop.apache.org/.}}
}

@misc{apachespark,
	title	= {Apache Spark.},
	URL= {\url{http://spark.apache.org/.}}
}

@misc{apachestorm,
	title	= {Apache Storm.},
	URL= {\url{http://storm.apache.org/.}}
}

@inproceedings{starfish,
	title={Starfish: a self-tuning system for big data analytics},
	author={H. Herodotou and H. Lim and et al.},
	booktitle={Proc. of the 5th Biennial Conference on Innovative Data Systems Research (CIDR 2011)},
	pages={261-272},
	year={2011},
	organization={IEEE}
}

@inproceedings{AROMA,
	title={AROMA: Automated resource allocation and configuration of MapReduce environment in the cloud},
	author={P. Lama and X. Zhou.},
	booktitle={Proc. of the 9th International Conference on Autonomic Computing (ICAC 2012)},
	pages={63-72},
	year={2012},
	organization={IEEE}
}

@inproceedings{zaharia2008Improving,
	title={Improving mapreduce rerformance in heterogeneous environments},
	author={M. Zaharia and A. Konwinski and A. D. Joseph and R. Katz and I. Stoica},
	booktitle={Proc. of the 8th USENIX Conference on Operating Systems Design and Implementation (OSDI 2008)},
	pages={29-42},
	year={2008},
	organization={USENIX}
}
@inproceedings{kambatla2009towards,
	title={Towards optimizing hadoop provisioning in the cloud},
	author={K. Kambatla and A. Pathak and H. Pucha},
	booktitle={Proc. of the First Workshop on Hot Topics in Cloud Computing (HotCloud'09)},
	pages={118-125},
	year={2009},
	organization={IEEE}
}
@inproceedings{wu2013selftuning,
	title={A self-tuning system based on application profiling and performance analysis for optimizing hadoop mapreduce cluster configuration},
	author={D. Wu and A. S. Gokhale},
	booktitle={Proc. of the 20th Annual International Conference on High Performance Computing (HiPC 2013)},
	pages={89-98},
	year={2013},
	organization={IEEE}
}
@inproceedings{zhang2015finding,
	title={Finding the big data sweet spot: towards automatically recommending configurations for hadoop clusters on docker containers},
	author={R. Zhang and M. Li and D. Hildebrand},
	booktitle={Proc. of the 3rd IEEE International Conference on Cloud Engineering (IC2E 2015)},
	pages={365-368},
	year={2015},
	organization={IEEE}
}
@inproceedings{wang2015High,
	title={Performance prediction for apache spark platform},
	author={K. Wang and M. Maifi and H. Khan},
	booktitle={Proc. of the 17th IEEE International Conference on High Performance Computing and Communications (HPCC 2015)},
	pages={166-173},
	year={2015},
	organization={IEEE}
}
@inproceedings{yigitbase2013towards,
	title={Towards machine learning-based auto-tuning of mapreduce},
	author={N. Yigitbasi and T. L. Willke and G. Liao and D. H. Epema},
	booktitle={Proc. of 21st International Symposium on Modelling, Analysis and Simulation of Computer and Telecommunication Systems (MASCOTS 2013)},
	pages={11-20},
	year={2013},
	organization={IEEE}
}
@misc{SparkConfiguration,
	title	= {Spark Configuration.},
	URL= {\url{http://spark.apache.org/docs/1.6.1/configuration.htm.}}
}
@misc{Sparkhub,
	title	= {Spark Hub.},
	URL= {\url{https://sparkhub.databricks. com/.}}
}
@inproceedings{shi1999towards,
	title={Towards machine learning-based auto-tuning of mapreduce},
	author={Shi Yi and Eberhart R. Empirical Study of Particle Swarm Optimization},
	booktitle={Proc. of the 1999 Congress on Evolutionary Computation},
	pages={1948-1950},
	year={1999},
	organization={IEEE}
}

@BOOK{dc2000design,
	AUTHOR = {D. C. Montgomery},
	TITLE = {Design and Analysis of Experiments},
	PUBLISHER = {Wiley},
	ADDRESS = {New York	},
	YEAR = {2000}
}

@BOOK{beijing,
	AUTHOR = {Math. Stat. Res. Group, Chinese Acad. Sci.},
	TITLE = {Orthogonal Design},
	PUBLISHER = {People Education Pub},
	ADDRESS = {Beijing, China},
	YEAR = {1975}
}
